@TechReport{UCAM-CL-TR-696,
  author = {Woodman, Oliver J.},
  title = {{An introduction to inertial navigation}},
  year = 2007,
  month = aug,
  url = {http://www.cl.cam.ac.uk/techreports/UCAM-CL-TR-696.pdf},
  institution = {University of Cambridge, Computer Laboratory},
  number = {UCAM-CL-TR-696}
}

@techreport{Trawny05quat,
author = {Nikolas Trawny and Stergios I. Roumeliotis},
title = {Indirect {K}alman Filter for {3D} Attitude Estimation},
institution = {University of Minnesota, Dept. of Comp. Sci. \& Eng.},
month = mar,
year = {2005},
number = {2005-002},
url = {http://www-users.cs.umn.edu/~trawny/Publications/Quaternions\_3D.pdf}
}

@inproceedings{Kelly-2010-711,
    author = "Jonathan Kelly and Gaurav S. Sukhatme",
    title = "A General Framework for Temporal Calibration of Multiple Proprioceptive and Exteroceptive Sensors",
    booktitle = "12th International Symposium on Experimental Robotics, 2010",
    address = "Delhi, India",
    month = "Dec",
    year = "2010",
    url = "http://robotics.usc.edu/publications/711/"
}

@techreport{sun-sense,
    author={Yonatan Winetraub and San Bitan, Uval dd and Anna B. Heller},
    title = {Attitude Determination â€“ Advanced Sun Sensors for Pico-satellites},
    institution = {Handasaim School, Tel-Aviv University},
    address = {Israel},
    year = {2006},
    url = {https://www.agi.com/downloads/corporate/partners/edu/advancedSunSensorProject.pdf}
}

@InProceedings{AHuangISRR11,
  author =   {Albert S.~Huang and Abraham Bachrach and Peter Henry and
                  Michael Krainin and Daniel Maturana and Dieter Fox and
                  Nicholas Roy},
  title =    {Visual Odometry and Mapping for Autonomous Flight
                  Using an RGB-D Camera},
  booktitle =    {Proceedings of the International Symposium of Robotics Research (ISRR)},
  year =     {2011},
  address =  {Flagstaff, AZ},
}

@inproceedings{Dille_2009_6430,
   author = "Michael Dille and Benjamin P Grocholsky and Sanjiv Singh",
   title = "Outdoor Downward-facing Optical Flow Odometry with Commodity Sensors ",
   booktitle = "Proceedings Field & Service Robotics (FSR '09)",
   month = "July",
   year = "2009",
}